SOURCES :

https://en.wikipedia.org/wiki/Vicsek_model

Novel Type of Phase Transition in a System of Self-Driven Particles de Tamas Vicsek, Andras Czirok, Eshel Ben-Jacob, Inon Cohen, and Ofer Shochet
Department of Atomic Physics, Eotvos University, Budapest, Puskin u 5-7, 1088 Hungary

https://mouvementscollectifstpe.wordpress.com/modelisations/programmation/utilisation-des-modules/

