@misc{vicsek-paper,
	author="Vicsek, Tamás and Czirok, Andras and Ben-Jacob, Eshel and Cohen, Inon and Shochet",
	title="Novel type of phase transition in a system of self-driven particules"
}

@online{wiki-model,
	title="Modèle de Vicsek",
	howpublished={\url{https://en.wikipedia.org/wiki/Vicsek_model}}
}

@online{wiki-vicsek,
	title="Tamás Vicsek",
	howpublished={\url{https://en.wikipedia.org/wiki/Tamas_Vicsek}}
}

@online{matplotlib,
	title="Matplotlib",
	howpublished={\url{https://matplotlib.org}}
}

@online{python,
	title="Cours Python",
	howpublished={\url{https://courspython.com/index.html}}
}

@online{fouloscopie,
	author="Mehdi Moussaoui",
	title="Fouloscopie",
	howpublished={\url{https://youtube.com/@Fouloscopie}}
}



